
# Benchmarking --------------------------------------------------------------------

@article{boyacioglu2009predicting,
  title={Predicting bank financial failures using neural networks, support vector machines and multivariate statistical methods: A comparative analysis in the sample of savings deposit insurance fund (SDIF) transferred banks in Turkey},
  author={Boyacioglu, Melek Acar and Kara, Yakup and Baykan, {\"O}mer Kaan},
  journal={Expert Systems with Applications},
  volume={36},
  number={2},
  pages={3355--3366},
  year={2009},
  publisher={Elsevier}
}

# SVM ------------------------------------------------------------------------------

@article{Papadimitriou-et-al-2017,
  author = {Gogas, Periklis and Papadimitriou, Theophilos and Agrapetidou, Anna},
  year = {2017},
  month = {01},
  pages = {},
  title = {Forecasting Bank Failures and Stress Testing: A Machine Learning Approach},
  booktitle = {SSRN Electronic Journal}
}



@online{ Winston-2010,
        title = {16. Learning: Support Vector Machines},
        date = {Fall 2010},
        organization = {MIT OpenCourseWare},
        author = {Patrick H.Winston},
        url = {\url{https://www.youtube.com/watch?v=_PwhiWxHK8o}},
        note = {Accessed: 2018-01-30}
    }

@online{ Hofmann-2006,
        title = { "Support Vector Machines -- Kernels and the Kernel Trick"},
        author = {Martin Hofmann},
        year = {2006},
        url = {\url{http://www.cogsys.wiai.uni-bamberg.de/teaching/ss06/hs_svm/slides/SVM_Seminarbericht_Hofmann.pdf}[Acccessed: 30 September 2009]},
        urldate = {2018-02-10},
        note = {Accessed: 2018-02-10}
}

@article{Cortes:1995:SN:218919.218929,
 author = {Cortes, Corinna and Vapnik, Vladimir},
 title = {Support-Vector Networks},
 journal = {Mach. Learn.},
 issue_date = {Sept. 1995},
 volume = {20},
 number = {3},
 month = {sep},
 year = {1995},
 issn = {0885-6125},
 pages = {273--297},
 numpages = {25},
 url = {https://doi.org/10.1023/A:1022627411411},
 doi = {10.1023/A:1022627411411},
 acmid = {218929},
 publisher = {Kluwer Academic Publishers},
 address = {Hingham, MA, USA},
 keywords = {efficient learning algorithms, neural networks, pattern recognition, polynomial classifiers, radial basis function classifiers}
} 

@inproceedings{Boser:1992:TAO:130385.130401,
 author = {Boser, Bernhard E. and Guyon, Isabelle M. and Vapnik, Vladimir N.},
 title = {A Training Algorithm for Optimal Margin Classifiers},
 booktitle = {Proceedings of the Fifth Annual Workshop on Computational Learning Theory},
 series = {COLT '92},
 year = {1992},
 isbn = {0-89791-497-X},
 location = {Pittsburgh, Pennsylvania, USA},
 pages = {144--152},
 numpages = {9},
 url = {http://doi.acm.org/10.1145/130385.130401},
 doi = {10.1145/130385.130401},
 acmid = {130401},
 publisher = {ACM},
 address = {New York, NY, USA}
} 

@article{DBLP:journals/corr/abs-0802-2411,
  author    = {Mahesh Pal},
  title     = {Multiclass Approaches for Support Vector Machine Based Land Cover
               Classification},
  journal   = {CoRR},
  volume    = {abs/0802.2411},
  year      = {2008},
  url       = {http://arxiv.org/abs/0802.2411},
  archivePrefix = {arXiv},
  eprint    = {0802.2411},
  timestamp = {Wed, 07 Jun 2017 14:41:16 +0200},
  biburl    = {http://dblp.org/rec/bib/journals/corr/abs-0802-2411},
  bibsource = {dblp computer science bibliography, http://dblp.org}
}

@inproceedings{weston1999support,
  title={Support vector machines for multi-class pattern recognition.},
  author={Weston, Jason and Watkins, Chris and others},
  booktitle={Esann},
  volume={99},
  pages={219--224},
  year={1999}
}

@article{scholkopf2000new,
  title={New support vector algorithms},
  author={Sch{\"o}lkopf, Bernhard and Smola, Alex J and Williamson, Robert C and Bartlett, Peter L},
  journal={Neural computation},
  volume={12},
  number={5},
  pages={1207--1245},
  year={2000},
  publisher={MIT Press}
}

@article{tipping2001sparse,
  title={Sparse Bayesian learning and the relevance vector machine},
  author={Tipping, Michael E},
  journal={Journal of machine learning research},
  volume={1},
  number={Jun},
  pages={211--244},
  year={2001}
}

@inproceedings{tong2000restricted,
  title={Restricted bayes optimal classifiers},
  author={Tong, Simon and Koller, Daphne},
  booktitle={AAAI/IAAI},
  pages={658--664},
  year={2000}
}

@article{tong2001support,
  title={Support vector machine active learning with applications to text classification},
  author={Tong, Simon and Koller, Daphne},
  journal={Journal of machine learning research},
  volume={2},
  number={Nov},
  pages={45--66},
  year={2001}
}


@article{ NuSVM,
 title = { Training v-support vector classifiers: Theory and algorithms},
 author = {Chang, C. -C Lin, C. -J},
 journal = {Neural Comput},
 volume = {13},
 pages = {2119--2147},
 year = {2001}
}

@article{rifkin2004defense,
  title={In defense of one-vs-all classification},
  author={Rifkin, Ryan and Klautau, Aldebaro},
  journal={Journal of machine learning research},
  volume={5},
  number={Jan},
  pages={101--141},
  year={2004}
}


@misc{Hsuan-tien,
  author={Hsuan-Tien Lin},
  title={Lecture 1: Linear Support Vector Machine},
  year={2018},
  publisher={National Taiwan University}
}

# RTF ------------------------------------------------------------------------------

@article{breiman2001random,
  title={Random forests},
  author={Breiman, Leo},
  journal={Machine learning},
  volume={45},
  number={1},
  pages={5--32},
  year={2001},
  publisher={Springer}
}

@article{breiman1996bagging,
  title={Bagging predictors},
  author={Breiman, Leo},
  journal={Machine learning},
  volume={24},
  number={2},
  pages={123--140},
  year={1996},
  publisher={Springer}
}

@misc{hastiefriedman,
  title={\& Friedman, J.(2008). The Elements of Statistical Learning; Data Mining, Inference and Prediction},
  author={Hastie, Tibshirani and Tibshirani, R},
  publisher={Springer, New York}
}

@misc{breiman1996out,
  title={Out-of-bag estimation},
  author={Breiman, Leo},
  year={1996},
  publisher={Citeseer}
}

# ANN ------------------------------------------------------------------------------

@book{ Bishop,
       author = {Christopher M.Bishop},
       title = {Pattern recognition and machine learning},
       publisher ={Springer},
       year = {2008} }

@book{Goodfellow-et-al-2016,
    title={Deep Learning},
    author={Ian Goodfellow and Yoshua Bengio and Aaron Courville},
    publisher={MIT Press},
    note={\url{http://www.deeplearningbook.org}},
    year={2016}
}

@article{DBLP:journals/corr/Ruder16,
  author    = {Sebastian Ruder},
  title     = {An overview of gradient descent optimization algorithms},
  journal   = {CoRR},
  volume    = {abs/1609.04747},
  year      = {2016},
  url       = {http://arxiv.org/abs/1609.04747},
  archivePrefix = {arXiv},
  eprint    = {1609.04747},
  timestamp = {Wed, 07 Jun 2017 14:40:06 +0200},
  biburl    = {https://dblp.org/rec/bib/journals/corr/Ruder16},
  bibsource = {dblp computer science bibliography, https://dblp.org}
}

@article{DBLP:journals/corr/IoffeS15,
  author    = {Sergey Ioffe and
               Christian Szegedy},
  title     = {Batch Normalization: Accelerating Deep Network Training by Reducing
               Internal Covariate Shift},
  journal   = {CoRR},
  volume    = {abs/1502.03167},
  year      = {2015},
  url       = {http://arxiv.org/abs/1502.03167},
  archivePrefix = {arXiv},
  eprint    = {1502.03167},
  timestamp = {Wed, 07 Jun 2017 14:40:49 +0200},
  biburl    = {https://dblp.org/rec/bib/journals/corr/IoffeS15},
  bibsource = {dblp computer science bibliography, https://dblp.org}
}

@article{stathakis2009many,
  title={How many hidden layers and nodes?},
  author={Stathakis, D},
  journal={International Journal of Remote Sensing},
  volume={30},
  number={8},
  pages={2133--2147},
  year={2009},
  publisher={Taylor \& Francis}
}

@article{ LeCun-et-al-1998,
       author = {Y. LeCun and al.},
       title = {Efficient BackProp},
       journal = {springer},
       year = {1998}}



@article{pmlr-v15-glorot11a,
  title =    {Deep Sparse Rectifier Neural Networks},
  author =   {Xavier Glorot and Antoine Bordes and Yoshua Bengio},
  booktitle =    {Proceedings of the Fourteenth International Conference on Artificial Intelligence and Statistics},
  pages =    {315--323},
  year =   {2011},
  editor =   {Geoffrey Gordon and David Dunson and Miroslav Dud√≠k},
  volume =   {15},
  series =   {Proceedings of Machine Learning Research},
  address =    {Fort Lauderdale, FL, USA},
  month =    {11--13 Apr},
  publisher =    {PMLR}
}

@article{JMLR:v15:srivastava14a,
  author  = {Nitish Srivastava and Geoffrey Hinton and Alex Krizhevsky and Ilya Sutskever and Ruslan Salakhutdinov},
  title   = {Dropout: A Simple Way to Prevent Neural Networks from Overfitting},
  journal = {Journal of Machine Learning Research},
  year    = {2014},
  volume  = {15},
  pages   = {1929-1958},
  url     = {http://jmlr.org/papers/v15/srivastava14a.html}
}

@article{huang2003learning,
  title={Learning capability and storage capacity of two-hidden-layer feedforward networks},
  author={Huang, Guang-Bin},
  journal={IEEE Transactions on Neural Networks},
  volume={14},
  number={2},
  pages={274--281},
  year={2003},
  publisher={IEEE}
}

# Previous work -----------------------------------------------------------------

@article{lessmann2015benchmarking,
  title={Benchmarking state-of-the-art classification algorithms for credit scoring: An update of research},
  author={Lessmann, Stefan and Baesens, Bart and Seow, Hsin-Vonn and Thomas, Lyn C},
  journal={European Journal of Operational Research},
  volume={247},
  number={1},
  pages={124--136},
  year={2015},
  publisher={Elsevier}
}

@article{gondara2016classifier,
  title={Classifier comparison using precision},
  author={Gondara, Lovedeep},
  journal={arXiv preprint arXiv:1609.09471},
  year={2016}
}

@article{liu2003handwritten,
  title={Handwritten digit recognition: benchmarking of state-of-the-art techniques},
  author={Liu, Cheng-Lin and Nakashima, Kazuki and Sako, Hiroshi and Fujisawa, Hiromichi},
  journal={Pattern recognition},
  volume={36},
  number={10},
  pages={2271--2285},
  year={2003},
  publisher={Elsevier}
}

@article{ramani2013benchmarking,
  title={Benchmarking classification models for cancer prediction from gene expression data: A novel approach and new findings},
  author={Ramani, R Geetha and Jacob, Shomona Gracia},
  journal={Studies Informatics Control},
  volume={22},
  number={2},
  pages={134--143},
  year={2013}
}

@article{demvsar2006statistical,
  title={Statistical comparisons of classifiers over multiple data sets},
  author={Dem{\v{s}}ar, Janez},
  journal={Journal of Machine learning research},
  volume={7},
  number={Jan},
  pages={1--30},
  year={2006}
}

@article{dietterich1998approximate,
  title={Approximate statistical tests for comparing supervised classification learning algorithms},
  author={Dietterich, Thomas G},
  journal={Neural computation},
  volume={10},
  number={7},
  pages={1895--1923},
  year={1998},
  publisher={MIT Press}
}

@article{garcia2010advanced,
  title={Advanced nonparametric tests for multiple comparisons in the design of experiments in computational intelligence and data mining: Experimental analysis of power},
  author={Garc{\'\i}a, Salvador and Fern{\'a}ndez, Alberto and Luengo, Juli{\'a}n and Herrera, Francisco},
  journal={Information Sciences},
  volume={180},
  number={10},
  pages={2044--2064},
  year={2010},
  publisher={Elsevier}
}

@incollection{wolpert2002supervised,
  title={The supervised learning no-free-lunch theorems},
  author={Wolpert, David H},
  booktitle={Soft computing and industry},
  pages={25--42},
  year={2002},
  publisher={Springer}
}

@article{masters2018revisiting,
  title={Revisiting Small Batch Training for Deep Neural Networks},
  author={Masters, Dominic and Luschi, Carlo},
  journal={arXiv preprint arXiv:1804.07612},
  year={2018}
}

@inproceedings{klambauer2017self,
  title={Self-normalizing neural networks},
  author={Klambauer, G{\"u}nter and Unterthiner, Thomas and Mayr, Andreas and Hochreiter, Sepp},
  booktitle={Advances in Neural Information Processing Systems},
  pages={971--980},
  year={2017}
}

@article{kingma2014adam,
  title={Adam: A method for stochastic optimization},
  author={Kingma, Diederik P and Ba, Jimmy},
  journal={arXiv preprint arXiv:1412.6980},
  year={2014}
}

# Others -----------------------------------------------------------------------

@article{cheng2018polynomial,
  title={Polynomial Regression As an Alternative to Neural Nets},
  author={Cheng, Xi and Khomtchouk, Bohdan and Matloff, Norman and Mohanty, Pete},
  journal={arXiv preprint arXiv:1806.06850},
  year={2018}
}


@unpublished{charpentier:hal-01568851,
  title = {{{\'E}conom{\'e}trie \& Machine Learning}},
  author = {Charpentier, Arthur and Flachaire, Emmanuel and Ly, Antoine},
  url = {https://hal.archives-ouvertes.fr/hal-01568851},
  note = {working paper or preprint},
  year = {2017},
  month = {Jul},
  HAL_ID = {hal-01568851},
  HAL_VERSION = {v1}
}


@article{google,
 author = {Saint John Walker},
 title = {Big Data: A Revolution That Will Transform How We Live, Work, and Think},
 journal = {International Journal of Advertising},
 volume = {33},
 number = {1},
 pages = {181-183},
 year  = {2014},
 publisher = {Routledge}
}

@book{signalnoise,
 author = {Silver Nate},
 title = {The Signal and the Noise},
 publisher = {Penguin books},
 year = {2013}
}

@book{kuhn2013applied,
  title={Applied predictive modeling},
  author={Kuhn, Max and Johnson, Kjell},
  volume={26},
  year={2013},
  publisher={Springer}
}


@misc{Dua:2017 ,
author = "Dheeru, Dua and Karra Taniskidou, Efi",
year = "2017",
title = "{UCI} Machine Learning Repository",
url = "http://archive.ics.uci.edu/ml",
institution = "University of California, Irvine, School of Information and Computer Sciences" } 

@article{powers2011evaluation,
  title={Evaluation: from precision, recall and F-measure to ROC, informedness, markedness and correlation},
  author={Powers, David Martin},
  year={2011},
  publisher={Bioinfo Publications}
}

@incollection{ling2011class,
  title={Class imbalance problem},
  author={Ling, Charles X and Sheng, Victor S},
  booktitle={Encyclopedia of machine learning},
  pages={171--171},
  year={2011},
  publisher={Springer}
}



@inproceedings{ozgur2005text,
  title={Text categorization with class-based and corpus-based keyword selection},
  author={{\"O}zg{\"u}r, Arzucan and {\"O}zg{\"u}r, Levent and G{\"u}ng{\"o}r, Tunga},
  booktitle={International Symposium on Computer and Information Sciences},
  pages={606--615},
  year={2005},
  organization={Springer}
}
